<record xmlns="http://www.loc.gov/MARC21/slim" xmlns:xsi="http://www.w3.org/2001/XMLSchema-instance" xsi:schemaLocation="http://www.loc.gov/MARC21/slim http://www.loc.gov/standards/marcxml/schema/MARC21slim.xsd"><leader>01881nam a2200385   4500</leader><controlfield tag="001">001689418</controlfield><controlfield tag="003">NNU</controlfield><controlfield tag="006">m        d        </controlfield><controlfield tag="007">cr cn |||m|||a</controlfield><controlfield tag="008">150116s1885    tu      o     000 0 ara d</controlfield><datafield ind1=" " ind2=" " tag="040"><subfield code="a">NNU</subfield><subfield code="b">eng</subfield><subfield code="c">NNU</subfield></datafield><datafield ind1=" " ind2="4" tag="050"><subfield code="a">BC59</subfield><subfield code="b">.U7</subfield></datafield><datafield ind1=" " ind2=" " tag="066"><subfield code="c">(3</subfield></datafield><datafield ind1="1" ind2=" " tag="100"><subfield code="6">880-01</subfield><subfield code="a">Qu&#7789;b al-Ta&#7717;t&#257;n&#299;, Mu&#7717;ammad ibn Mu&#7717;ammad,</subfield><subfield code="d">1294 or 5-1364 or 5</subfield></datafield><datafield ind1="1" ind2="0" tag="245"><subfield code="6">880-02</subfield><subfield code="a">Law&#257;mi&#699; al-asr&#257;r f&#299; Shar&#7717; Ma&#7789;&#257;li&#699; al-Anw&#257;r</subfield><subfield code="h">[electronic resource].</subfield></datafield><datafield ind1=" " ind2=" " tag="260"><subfield code="6">880-03</subfield><subfield code="a">[Istanbul] :</subfield><subfield code="b">Ma&#7789;ba&#699;at al-&#7716;&#257;jj Mu&#7717;arram Afand&#299; al-Busnaw&#299;,</subfield><subfield code="c">1303 [1885]</subfield></datafield><datafield ind1=" " ind2=" " tag="300"><subfield code="a">online resource (204 p.)</subfield></datafield><datafield ind1=" " ind2=" " tag="500"><subfield code="a">Caption title.</subfield></datafield><datafield ind1=" " ind2=" " tag="500"><subfield code="a">Part of the Arabic Collections Online (ACO) project, contributed by New York Univeristy Libraries.</subfield></datafield><datafield ind1=" " ind2=" " tag="533"><subfield code="a">Electronic reproduction.</subfield><subfield code="b">New York, N.Y. :</subfield><subfield code="c">New York University,</subfield><subfield code="d">2015.</subfield><subfield code="5">NNU</subfield></datafield><datafield ind1="1" ind2="0" tag="600"><subfield code="a">Urmaw&#299;, Sir&#257;j al-D&#299;n Ma&#7717;m&#363;d ibn Ab&#299; Bakr,</subfield><subfield code="d">1198-1283.</subfield><subfield code="t">Ma&#7789;&#257;li&#699; al-anw&#257;r.</subfield></datafield><datafield ind1=" " ind2="0" tag="650"><subfield code="a">Logic</subfield><subfield code="v">Early works to 1800.</subfield></datafield><datafield ind1="2" ind2=" " tag="710"><subfield code="a">New York University.</subfield><subfield code="b">Libraries.</subfield></datafield><datafield ind1="0" ind2=" " tag="730"><subfield code="a">Arabic Collections Online.</subfield></datafield><datafield ind1="0" ind2=" " tag="740"><subfield code="6">880-04</subfield><subfield code="a">Shar&#7717; Ma&#7789;&#257;li&#699; al-anw&#257;r.</subfield></datafield><datafield ind1="0" ind2=" " tag="740"><subfield code="6">880-05</subfield><subfield code="a">Ma&#7789;&#257;li&#699; al-anw&#257;r.</subfield></datafield><datafield ind1="0" ind2="8" tag="776"><subfield code="i">Print version:</subfield><subfield code="a">Qu&#7789;b al-Ta&#7717;t&#257;n&#299;, Mu&#7717;ammad ibn Mu&#7717;ammad, 1294 or 5-1364 or 5 880-01</subfield><subfield code="t">Law&#257;mi&#699; al-asr&#257;r f&#299; Shar&#7717; Ma&#7789;&#257;li&#699; al-Anw&#257;r</subfield><subfield code="w">(NNU)001689418</subfield></datafield><datafield ind1="4" ind2="0" tag="856"><subfield code="u">http://hdl.handle.net/2333.1/rjdfn5bm</subfield></datafield><datafield ind1="1" ind2=" " tag="880"><subfield code="6">100-01/</subfield><subfield code="a">&#1602;&#1591;&#1576; &#1575;&#1604;&#1578;&#1581;&#1578;&#1575;&#1606;&#1610;&#1548; &#1605;&#1581;&#1605;&#1583; &#1576;&#1606; &#1605;&#1581;&#1605;&#1583;.</subfield></datafield><datafield ind1="1" ind2="0" tag="880"><subfield code="6">245-02/</subfield><subfield code="a">&#1604;&#1608;&#1575;&#1605;&#1593; &#1575;&#1604;&#1575;&#1587;&#1585;&#1575;&#1585; &#1601;&#1610; &#1588;&#1585;&#1581; &#1605;&#1591;&#1575;&#1604;&#1593; &#1575;&#1604;&#1575;&#1606;&#1608;&#1575;&#1585;.</subfield></datafield><datafield ind1=" " ind2=" " tag="880"><subfield code="6">260-03/</subfield><subfield code="a">[Istanbul] :</subfield><subfield code="b">&#1605;&#1591;&#1576;&#1593;&#1577; &#1575;&#1604;&#1581;&#1575;&#1580; &#1605;&#1581;&#1585;&#1605; &#1575;&#1601;&#1606;&#1583;&#1610; &#1575;&#1604;&#1576;&#1587;&#1606;&#1608;&#1610;&#1548;</subfield><subfield code="c">&#1633;&#1635;&#1632;&#1635;.</subfield></datafield><datafield ind1="0" ind2=" " tag="880"><subfield code="6">740-04/</subfield><subfield code="a">&#1588;&#1585;&#1581; &#1605;&#1591;&#1575;&#1604;&#1593; &#1575;&#1604;&#1575;&#1606;&#1608;&#1575;&#1585;.</subfield></datafield><datafield ind1="0" ind2=" " tag="880"><subfield code="6">740-05/</subfield><subfield code="a">&#1605;&#1591;&#1575;&#1604;&#1593; &#1575;&#1604;&#1575;&#1606;&#1608;&#1575;&#1585;.</subfield></datafield><datafield ind1=" " ind2=" " tag="959"><subfield code="a">NNU</subfield><subfield code="b">WEB</subfield><subfield code="c">GENI</subfield><subfield code="t">0</subfield><subfield code="m">Electronic access</subfield><subfield code="s">01</subfield></datafield><datafield ind1=" " ind2=" " tag="999"><subfield code="i">NNU_001689418</subfield><subfield code="o" /></datafield></record>